@article{bailis2014coordination,
  title={Coordination avoidance in database systems},
  author={Bailis, Peter and Fekete, Alan and Franklin, Michael J and Ghodsi, Ali and Hellerstein, Joseph M and Stoica, Ion},
  journal={Proceedings of the VLDB Endowment},
  volume={8},
  number={3},
  pages={185--196},
  year={2014},
  publisher={VLDB Endowment}
}

@phdthesis{shapiro2011comprehensive,
  title={A comprehensive study of convergent and commutative replicated data types},
  author={Shapiro, Marc and Pregui{\c{c}}a, Nuno and Baquero, Carlos and Zawirski, Marek},
  year={2011},
  school={Inria--Centre Paris-Rocquencourt; INRIA}
}

@inproceedings{shapiro2011conflict,
  title={Conflict-free replicated data types},
  author={Shapiro, Marc and Pregui{\c{c}}a, Nuno and Baquero, Carlos and Zawirski, Marek},
  booktitle={Symposium on Self-Stabilizing Systems},
  pages={386--400},
  year={2011},
  organization={Springer}
}

@article{gilbert2002brewer,
  title={Brewer's conjecture and the feasibility of consistent, available, partition-tolerant web services},
  author={Gilbert, Seth and Lynch, Nancy},
  journal={ACM SIGACT News},
  volume={33},
  number={2},
  pages={51--59},
  year={2002},
  publisher={ACM}
}

@article{bailis2013highly,
  title={Highly available transactions: Virtues and limitations},
  author={Bailis, Peter and Davidson, Aaron and Fekete, Alan and Ghodsi, Ali and Hellerstein, Joseph M and Stoica, Ion},
  journal={Proceedings of the VLDB Endowment},
  volume={7},
  number={3},
  pages={181--192},
  year={2013},
  publisher={VLDB Endowment}
}

@inproceedings{holt2016disciplined,
  title={Disciplined inconsistency with consistency types},
  author={Holt, Brandon and Bornholt, James and Zhang, Irene and Ports, Dan and Oskin, Mark and Ceze, Luis},
  booktitle={Proceedings of the Seventh ACM Symposium on Cloud Computing},
  pages={279--293},
  year={2016},
  organization={ACM}
}

@inproceedings{alvaro2010boom,
  title={Boom analytics: exploring data-centric, declarative programming for the cloud},
  author={Alvaro, Peter and Condie, Tyson and Conway, Neil and Elmeleegy, Khaled and Hellerstein, Joseph M and Sears, Russell},
  booktitle={Proceedings of the 5th European conference on Computer systems},
  pages={223--236},
  year={2010},
  organization={ACM}
}

@inproceedings{alvaro2011consistency,
  title={Consistency Analysis in Bloom: a CALM and Collected Approach.},
  author={Alvaro, Peter and Conway, Neil and Hellerstein, Joseph M and Marczak, William R},
  booktitle={CIDR},
  pages={249--260},
  year={2011},
  organization={Citeseer}
}

@inproceedings{conway2012logic,
  title={Logic and lattices for distributed programming},
  author={Conway, Neil and Marczak, William R and Alvaro, Peter and Hellerstein, Joseph M and Maier, David},
  booktitle={Proceedings of the Third ACM Symposium on Cloud Computing},
  pages={1},
  year={2012},
  organization={ACM}
}

@inproceedings{de2008z3,
  title={Z3: An efficient SMT solver},
  author={De Moura, Leonardo and Bj{\o}rner, Nikolaj},
  booktitle={International conference on Tools and Algorithms for the Construction and Analysis of Systems},
  pages={337--340},
  year={2008},
  organization={Springer}
}

@inproceedings{balegas2015putting,
  title={Putting consistency back into eventual consistency},
  author={Balegas, Valter and Duarte, S{\'e}rgio and Ferreira, Carla and Rodrigues, Rodrigo and Pregui{\c{c}}a, Nuno and Najafzadeh, Mahsa and Shapiro, Marc},
  booktitle={Proceedings of the Tenth European Conference on Computer Systems},
  pages={6},
  year={2015},
  organization={ACM}
}

@inproceedings{roy2015homeostasis,
  title={The homeostasis protocol: Avoiding transaction coordination through program analysis},
  author={Roy, Sudip and Kot, Lucja and Bender, Gabriel and Ding, Bailu and Hojjat, Hossein and Koch, Christoph and Foster, Nate and Gehrke, Johannes},
  booktitle={Proceedings of the 2015 ACM SIGMOD International Conference on Management of Data},
  pages={1311--1326},
  year={2015},
  organization={ACM}
}

@inproceedings{li2014automating,
  title={Automating the choice of consistency levels in replicated systems},
  author={Li, Cheng and Leit{\~a}o, Jo{\~a}o and Clement, Allen and Pregui{\c{c}}a, Nuno and Rodrigues, Rodrigo and Vafeiadis, Viktor},
  booktitle={2014 USENIX Annual Technical Conference (USENIX ATC 14)},
  pages={281--292},
  year={2014}
}

@inproceedings{li2012making,
  title={Making geo-replicated systems fast as possible, consistent when necessary},
  author={Li, Cheng and Porto, Daniel and Clement, Allen and Gehrke, Johannes and Pregui{\c{c}}a, Nuno and Rodrigues, Rodrigo},
  booktitle={Presented as part of the 10th USENIX Symposium on Operating Systems Design and Implementation (OSDI 12)},
  pages={265--278},
  year={2012}
}

@book{winskel1993formal,
  title={The formal semantics of programming languages: an introduction},
  author={Winskel, Glynn},
  year={1993},
  publisher={MIT press}
}

@misc{cs6110sp2016lecture19,
    title = {Denotational Semantics},
    howpublished = {\url{http://www.cs.cornell.edu/courses/cs6110/2016sp/lectures/lecture19.pdf}},
    note = {Accessed: 2016-11-15}
}

@article{gotsman2016cause,
  title={'Cause I'm strong enough: Reasoning about consistency choices in distributed systems},
  author={Gotsman, Alexey and Yang, Hongseok and Ferreira, Carla and Najafzadeh, Mahsa and Shapiro, Marc},
  journal={ACM SIGPLAN Notices},
  volume={51},
  number={1},
  pages={371--384},
  year={2016},
  publisher={ACM}
}

@article{abadi2012consistency,
  title={Consistency tradeoffs in modern distributed database system design: CAP is only part of the story},
  author={Abadi, Daniel},
  journal={Computer},
  volume={45},
  number={2},
  pages={37--42},
  year={2012},
  publisher={IEEE}
}

@inproceedings{de2008z3,
  title={Z3: An efficient SMT solver},
  author={De Moura, Leonardo and Bj{\o}rner, Nikolaj},
  booktitle={International conference on Tools and Algorithms for the Construction and Analysis of Systems},
  pages={337--340},
  year={2008},
  organization={Springer}
}

% State Machine Replication
@article{schneider1990implementing,
  title={Implementing fault-tolerant services using the state machine approach: A tutorial},
  author={Schneider, Fred B},
  journal={ACM Computing Surveys (CSUR)},
  volume={22},
  number={4},
  pages={299--319},
  year={1990},
  publisher={ACM}
}

@article{lamport1998part,
  title={The part-time parliament},
  author={Lamport, Leslie},
  journal={ACM Transactions on Computer Systems (TOCS)},
  volume={16},
  number={2},
  pages={133--169},
  year={1998},
  publisher={ACM}
}

@article{liskov2012viewstamped,
  title={Viewstamped replication revisited},
  author={Liskov, Barbara and Cowling, James},
  year={2012}
}

@inproceedings{ongaro2014search,
  title={In search of an understandable consensus algorithm.},
  author={Ongaro, Diego and Ousterhout, John K},
  booktitle={USENIX Annual Technical Conference},
  pages={305--319},
  year={2014}
}

@inproceedings{chandra2007paxos,
  title={Paxos made live: an engineering perspective},
  author={Chandra, Tushar D and Griesemer, Robert and Redstone, Joshua},
  booktitle={Proceedings of the twenty-sixth annual ACM symposium on Principles of distributed computing},
  pages={398--407},
  year={2007},
  organization={ACM}
}

% CAP and Friends
@article{brewer2012cap,
  title={CAP twelve years later: How the" rules" have changed},
  author={Brewer, Eric},
  journal={Computer},
  volume={45},
  number={2},
  pages={23--29},
  year={2012},
  publisher={IEEE}
}

@article{abadi2012consistency,
  title={Consistency tradeoffs in modern distributed database system design: CAP is only part of the story},
  author={Abadi, Daniel},
  journal={Computer},
  volume={45},
  number={2},
  pages={37--42},
  year={2012},
  publisher={IEEE}
}

% Weak Consistency Models
@article{vogels2009eventually,
  title={Eventually consistent},
  author={Vogels, Werner},
  journal={Communications of the ACM},
  volume={52},
  number={1},
  pages={40--44},
  year={2009},
  publisher={AcM}
}

@book{lipton1988pram,
  title={PRAM: A scalable shared memory},
  author={Lipton, Richard J and Sandberg, Jonathan S},
  year={1988},
  publisher={Princeton University, Department of Computer Science}
}

@article{ahamad1995causal,
  title={Causal memory: Definitions, implementation, and programming},
  author={Ahamad, Mustaque and Neiger, Gil and Burns, James E and Kohli, Prince and Hutto, Phillip W},
  journal={Distributed Computing},
  volume={9},
  number={1},
  pages={37--49},
  year={1995},
  publisher={Springer}
}

% Invariants
@article{hoare1969axiomatic,
  title={An axiomatic basis for computer programming},
  author={Hoare, Charles Antony Richard},
  journal={Communications of the ACM},
  volume={12},
  number={10},
  pages={576--580},
  year={1969},
  publisher={ACM}
}
