@article{crookstardis,
  title={TARDiS: A Branch-and-Merge Approach To Weak Consistency},
  author={Crooks, Natacha and Pu, Youer and Estrada, Nancy and Gupta, Trinabh and Alvisi, Lorenzo and Clement, Allen}
}

@article{bailis2014coordination,
  title={Coordination avoidance in database systems},
  author={Bailis, Peter and Fekete, Alan and Franklin, Michael J and Ghodsi, Ali and Hellerstein, Joseph M and Stoica, Ion},
  journal={Proceedings of the VLDB Endowment},
  volume={8},
  number={3},
  pages={185--196},
  year={2014},
  publisher={VLDB Endowment}
}

@inproceedings{conway2012logic,
  title={Logic and lattices for distributed programming},
  author={Conway, Neil and Marczak, William R and Alvaro, Peter and Hellerstein, Joseph M and Maier, David},
  booktitle={Proceedings of the Third ACM Symposium on Cloud Computing},
  pages={1},
  year={2012},
  organization={ACM}
}

@phdthesis{shapiro2011comprehensive,
  title={A comprehensive study of convergent and commutative replicated data types},
  author={Shapiro, Marc and Pregui{\c{c}}a, Nuno and Baquero, Carlos and Zawirski, Marek},
  year={2011},
  school={Inria--Centre Paris-Rocquencourt; INRIA}
}

@inproceedings{shapiro2011conflict,
  title={Conflict-free replicated data types},
  author={Shapiro, Marc and Pregui{\c{c}}a, Nuno and Baquero, Carlos and Zawirski, Marek},
  booktitle={Symposium on Self-Stabilizing Systems},
  pages={386--400},
  year={2011},
  organization={Springer}
}

@article{gilbert2002brewer,
  title={Brewer's conjecture and the feasibility of consistent, available, partition-tolerant web services},
  author={Gilbert, Seth and Lynch, Nancy},
  journal={ACM SIGACT News},
  volume={33},
  number={2},
  pages={51--59},
  year={2002},
  publisher={ACM}
}

@article{bailis2013highly,
  title={Highly available transactions: Virtues and limitations},
  author={Bailis, Peter and Davidson, Aaron and Fekete, Alan and Ghodsi, Ali and Hellerstein, Joseph M and Stoica, Ion},
  journal={Proceedings of the VLDB Endowment},
  volume={7},
  number={3},
  pages={181--192},
  year={2013},
  publisher={VLDB Endowment}
}

@inproceedings{holt2016disciplined,
  title={Disciplined inconsistency with consistency types},
  author={Holt, Brandon and Bornholt, James and Zhang, Irene and Ports, Dan and Oskin, Mark and Ceze, Luis},
  booktitle={Symposium on Cloud Computing (SOCC)},
  year={2016}
}

@inproceedings{alvaro2010boom,
  title={Boom analytics: exploring data-centric, declarative programming for the cloud},
  author={Alvaro, Peter and Condie, Tyson and Conway, Neil and Elmeleegy, Khaled and Hellerstein, Joseph M and Sears, Russell},
  booktitle={Proceedings of the 5th European conference on Computer systems},
  pages={223--236},
  year={2010},
  organization={ACM}
}

@inproceedings{alvaro2011consistency,
  title={Consistency Analysis in Bloom: a CALM and Collected Approach.},
  author={Alvaro, Peter and Conway, Neil and Hellerstein, Joseph M and Marczak, William R},
  booktitle={CIDR},
  pages={249--260},
  year={2011},
  organization={Citeseer}
}
